% ------------------------------------------------------------------------
% SAMPLE BIBLIOGRAPHY FILE
% ------------------------------------------------------------------------

@BOOK{Vidro2013,
 author={Vidro, Nadia},
 title={A Medieval Karaite Pedagogical Grammar of Hebrew},
 editor={Siam Bhayro and Geoffrey Khan and Ben Outhwaite},
 series={Cambridge Genizah Studies Series},
 publisher={Brill},
 address={Leiden},
 year={2013},
}

%% ------------------------------------------------------------------------
